@article{keilegavlen2021porepy,
    TITLE = {Porepy: An open-source software for simulation of multiphysics processes in fractured porous media},
    AUTHOR = {Keilegavlen, E. and Berge, R. and Fumagalli, A. and Starnoni, M. and Stefansson, I. and Varela, J. and Berre, I.},
    JOURNAL = {Computational Geosciences},
    volume={25},
    number={1},
    pages={243--265},    
    YEAR = {2021},
    PUBLISHER = {Springer},
    DOI = {10.1007/s10596-020-10002-5},
}

@article{vohralik2005Poincare,
    AUTHOR = {Vohral\'{\i}k, M.},
     TITLE = {On the discrete {P}oincar\'{e}-{F}riedrichs inequalities for nonconforming approximations of the {S}obolev space {$H^1$}},
   JOURNAL = {Numer. Funct. Anal. Optim.},
  FJOURNAL = {Numerical Functional Analysis and Optimization. An
              International Journal},
    VOLUME = {26},
      YEAR = {2005},
    NUMBER = {7-8},
     PAGES = {925--952},
      ISSN = {0163-0563},
   MRCLASS = {65N30 (26D15 46E35)},
  MRNUMBER = {2192029},
       DOI = {10.1080/01630560500444533},
}

@article {repin2000variational,
    AUTHOR = {Repin, S. I.},
     TITLE = {A posteriori error estimation for variational problems with uniformly convex functionals},
   JOURNAL = {Math. Comp.},
  FJOURNAL = {Mathematics of Computation},
    VOLUME = {69},
      YEAR = {2000},
    NUMBER = {230},
     PAGES = {481--500},
      ISSN = {0025-5718},
   MRCLASS = {49M29 (65J15 65K10)},
  MRNUMBER = {1681096},
MRREVIEWER = {Viorel Arnautu},
       DOI = {10.1090/S0025-5718-99-01190-4},
}

@article {pencheva2013mortar,
    AUTHOR = {Pencheva, G. V. and Vohral\'{\i}k, M. and Wheeler, M. F. and Wildey, T.},
     TITLE = {Robust a posteriori error control and adaptivity for
              multiscale, multinumerics, and mortar coupling},
   JOURNAL = {SIAM J. Numer. Anal.},
  FJOURNAL = {SIAM Journal on Numerical Analysis},
    VOLUME = {51},
      YEAR = {2013},
    NUMBER = {1},
     PAGES = {526--554},
      ISSN = {0036-1429},
   MRCLASS = {65N30 (65N15 65N55)},
  MRNUMBER = {3033022},
MRREVIEWER = {Dietrich Braess},
       DOI = {10.1137/110839047},
}